<record><leader>00000cas a2200000 a 4500</leader><controlfield tag="001">144617764</controlfield><controlfield tag="008">070619d19uu1993miuwr ne      0   a0eng c</controlfield><datafield ind1=" " ind2=" " tag="010"><subfield code="a">sn2007060020</subfield></datafield><datafield ind1=" " ind2=" " tag="040"><subfield code="a">MHN</subfield><subfield code="b">eng</subfield><subfield code="c">MHN</subfield><subfield code="d">OCLCQ</subfield><subfield code="d">OCLCF</subfield></datafield><datafield ind1="1" ind2=" " tag="029"><subfield code="a">AU@</subfield><subfield code="b">000041765848</subfield></datafield><datafield ind1=" " ind2=" " tag="042"><subfield code="a">pcc</subfield></datafield><datafield ind1=" " ind2=" " tag="043"><subfield code="a">n-us-mi</subfield></datafield><datafield ind1="0" ind2=" " tag="130"><subfield code="a">St. Clair Shores herald (St. Clair Shores, Mich. : 1974)</subfield></datafield><datafield ind1="1" ind2="0" tag="245"><subfield code="a">St. Clair Shores herald.</subfield></datafield><datafield ind1="3" ind2=" " tag="246"><subfield code="a">Saint Clair Shores herald</subfield></datafield><datafield ind1=" " ind2=" " tag="260"><subfield code="a">Detroit, MI :</subfield><subfield code="b">Northeast Detroit Pub.</subfield></datafield><datafield ind1=" " ind2=" " tag="300"><subfield code="a">v.</subfield></datafield><datafield ind1="1" ind2=" " tag="362"><subfield code="a">Ceased with Dec. 23, 1993?</subfield></datafield><datafield ind1=" " ind2=" " tag="500"><subfield code="a">Issues for 1991 and 1992 also have on masthead: Northeast Detroiter, Harper Woods herald.</subfield></datafield><datafield ind1=" " ind2=" " tag="588"><subfield code="a">Description based on: Apr. 18, 1974.</subfield></datafield><datafield ind1=" " ind2=" " tag="588"><subfield code="a">Latest issue consulted: Vol. 48, no. 30 (Dec. 23, 1993).</subfield></datafield><datafield ind1=" " ind2="0" tag="651"><subfield code="a">Saint Clair Shores (Mich.)</subfield><subfield code="v">Newspapers.</subfield></datafield><datafield ind1=" " ind2="0" tag="651"><subfield code="a">Macomb County (Mich.)</subfield><subfield code="v">Newspapers.</subfield></datafield><datafield ind1=" " ind2="7" tag="655"><subfield code="a">Newspapers.</subfield><subfield code="2">fast</subfield><subfield code="0">(OCoLC)fst01423814</subfield></datafield><datafield ind1=" " ind2="7" tag="651"><subfield code="a">Michigan</subfield><subfield code="z">Macomb County.</subfield><subfield code="2">fast</subfield><subfield code="0">(OCoLC)fst01214769</subfield></datafield><datafield ind1=" " ind2="7" tag="651"><subfield code="a">Michigan</subfield><subfield code="z">Saint Clair Shores.</subfield><subfield code="2">fast</subfield><subfield code="0">(OCoLC)fst01205716</subfield></datafield><datafield ind1=" " ind2=" " tag="752"><subfield code="a">United States</subfield><subfield code="b">Michigan</subfield><subfield code="c">Macomb</subfield><subfield code="d">Saint Clair Shores.</subfield></datafield></record>